@BOOK{DUMMY:1,
AUTHOR="John Doe",
TITLE="The Book without Title",
PUBLISHER="Dummy Publisher",
YEAR="2100",
}
@book{don,
author = {Knuth, Donald E.},
title = {The art of computer programming, volume 1 (3rd ed.): fundamental algorithms},
year = {1997},
isbn = {0201896834},
publisher = {Addison Wesley Longman Publishing Co., Inc.},
address = {USA}
}